<record><leader>00000cas a22000007a 4500</leader><controlfield tag="001">19571665</controlfield><controlfield tag="008">890419d19111919moudn ne      0    0eng d</controlfield><datafield ind1=" " ind2=" " tag="010"><subfield code="a">sn 89066328 </subfield></datafield><datafield ind1=" " ind2=" " tag="040"><subfield code="a">MQN</subfield><subfield code="b">eng</subfield><subfield code="c">MQN</subfield><subfield code="d">OCLCQ</subfield></datafield><datafield ind1=" " ind2=" " tag="042"><subfield code="a">msc</subfield></datafield><datafield ind1="0" ind2="4" tag="245"><subfield code="a">The Columbia daily times.</subfield></datafield><datafield ind1=" " ind2=" " tag="260"><subfield code="a">Columbia, Mo. :</subfield><subfield code="b">C.C. Howard</subfield></datafield><datafield ind1=" " ind2=" " tag="300"><subfield code="a">v.</subfield></datafield><datafield ind1=" " ind2=" " tag="310"><subfield code="a">Daily (except Sat.)</subfield></datafield><datafield ind1="1" ind2=" " tag="362"><subfield code="a">Began in 1911; ceased in 1919?</subfield></datafield><datafield ind1=" " ind2=" " tag="588"><subfield code="a">Description based on: Vol. 1, no. 2 (June 9, 1911).</subfield></datafield><datafield ind1=" " ind2=" " tag="752"><subfield code="a">United States</subfield><subfield code="b">Missouri</subfield><subfield code="c">Boone</subfield><subfield code="d">Columbia.</subfield></datafield><datafield ind1="0" ind2=" " tag="775"><subfield code="t">Columbia weekly times</subfield><subfield code="w">(DLC)sn 89066329</subfield></datafield></record>